 @online{fowler:guidaMicroservizi,
    author = {Fowler, Martin},
    title = {Microservices Guide},
    url = {https://martinfowler.com/microservices/},
    hyphenation = {english},
    date = {2014},
 }
 
 @online{fowler:articoloMicroservizi,
    author = {Fowler, Martin and Lewis, James},
    title = {Microservices},
    url = {https://martinfowler.com/articles/microservices.html},
    hyphenation = {english},
    date = {2014},
    month = {3},
 }
 
 @online{fowler:tradeoffMicroservizi,
    author = {Fowler, Martin},
    title = {Microservice Trade-Offs},
    url = {https://martinfowler.com/articles/microservice-trade-offs.html},
    hyphenation = {english},
    date = {2015},
    month = {7},
 }
 
 @online{richardson:sitoMicroservizi,
    author = {Richardson, Chris},
    title = {What are microservices?},
    url = {https://microservices.io/},
    hyphenation = {english},
    date = {2019},
 }
 
 @online{richardson:sitoMicroserviziDPS,
    author = {Richardson, Chris},
    title = {Database per service},
    url = {https://microservices.io/patterns/data/database-per-service.html},
    hyphenation = {english},
    date = {2019},
 }
 
 @online{kappagantula:microservizi,
    author = {Kappagantula, Sahiti},
    title = {What is Microservices},
    url = {https://www.edureka.co/blog/what-is-microservices/},
    hyphenation = {english},
    date = {2019},
    month = {5},
 }
 
 @online{wikipedia:multiTier,
    author = {Wikipedia},
    title = {Architettura multi-tier},
    url = {https://it.wikipedia.org/wiki/Architettura_multi-tier},
    date = {2019},
    month = {4},
 }
 
 @online{wikipedia:soa,
    author = {Wikipedia},
    title = {Service-oriented architecture},
    url = {https://it.wikipedia.org/wiki/Service-oriented_architecture},
    date = {2019},
    month = {6},
 }
 
 @online{wikipedia:esb,
    title = {Enterprise service bus},
    url = {https://it.wikipedia.org/wiki/Enterprise_service_bus},
    date = {2019},
    month = {6},
 }
 
 @online{miri:microservicesSoa,
    author = {Miri, Ima},
    title = {Microservices vs. SOA},
    url = {https://dzone.com/articles/microservices-vs-soa-2},
    hyphenation = {english},
    date = {2016},
    month = {6},
 }
 
 @online{oberoi:microservicesSoa,
    author = {Oberoi, Archna},
    title = {Microservices vs. Service-Oriented Architecture (SOA)},
    url = {https://dzone.com/articles/microservices-vs-service-oriented-architecture-soa},
    hyphenation = {english},
    date = {2019},
    month = {1},
 }
 
 @online{despodovski:microservicesSoa,
    author = {Despodovski, Rade},
    title = {Microservices vs. SOA â€“ Is There Any Difference at All?},
    url = {https://dzone.com/articles/microservices-vs-soa-is-there-any-difference-at-al},
    hyphenation = {english},
    date = {2017},
    month = {11},
 }
 
 @online{goebelbecker:microservicesSoa,
    author = {Goebelbecker, Eric},
    title = {Service Oriented Architecture: A Dead Simple Explanation},
    url = {https://dzone.com/articles/service-oriented-architecture-a-dead-simple-explan},
    hyphenation = {english},
    date = {2019},
    month = {1},
 }
 
 @online{bhojwani:microservicesSoa,
    author = {Bhojwani, Rajesh},
    title = {Design Patterns for Microservices},
    url = {https://dzone.com/articles/design-patterns-for-microservices},
    hyphenation = {english},
    date = {2018},
    month = {10},
 }
 
 @online{fowler:circuitBreaker,
    author = {Fowler, Martin},
    title = {CircuitBreaker},
    url = {https://www.martinfowler.com/bliki/CircuitBreaker.html},
    hyphenation = {english},
    date = {2014},
    month = {3},
 }
 
@online{fowler:tolerantReader,
    author = {Fowler, Martin},
    title = {TolerantReader},
    url = {https://www.martinfowler.com/bliki/TolerantReader.html},
    hyphenation = {english},
    date = {2011},
    month = {5},
 }
 
@book{richards:microservicesSoa,
    author = {Richards, Mark},
    title = {Microservices vs. Service-Oriented Architecture},
    date = {2016},
    publisher = {O'Reilly Media},
    hyphenation = {english},
 }
 
@book{richardson:patterns,
    author = {Richardson, Chris},
    title = {Microservices Patterns},
    date = {2019},
    publisher = {Manning Publications Co.},
    hyphenation = {english},
}

@book{newman:microservices,
    author = {Newman, Sam},
    title = {Building Microservices},
    date = {2015},
    publisher = {O'Reilly Media},
    hyphenation = {english},
}

@book{bloch:java,
    author = {Bloch, Joshua},
    title = {Effective Java},
    date = {2018},
    publisher = {Pearson Education Inc.},
    hyphenation = {english},
}

@book{rv:spring,
    author = {RV, Rajesh},
    title = {Spring Microservices},
    date = {2016},
    publisher = {Packt Publishing},
    hyphenation = {english},
}